<?xml version="1.0" encoding="UTF-8"?>
<record xmlns="http://www.loc.gov/MARC21/slim" xmlns:xsi="http://www.w3.org/2001/XMLSchema-instance" xsi:schemaLocation="http://www.loc.gov/MARC21/slim http://www.loc.gov/standards/marcxml/schema/MARC21slim.xsd">
<leader>00000cam a22      a 4500</leader>
<controlfield tag="001">001700788</controlfield>
<controlfield tag="003">NNU</controlfield>
<controlfield tag="005">20151019162219.0</controlfield>
<controlfield tag="008">941007m19191920le            000 0 ara d</controlfield>
<datafield tag="035" ind1=" " ind2=" ">
<subfield code="a">(OCoLC)43231822</subfield>
</datafield>
<datafield tag="040" ind1=" " ind2=" ">
<subfield code="a">EQO</subfield>
<subfield code="b">eng</subfield>
<subfield code="c">EQO</subfield>
<subfield code="d">OCLCQ</subfield>
<subfield code="d">OCLCF</subfield>
<subfield code="d">OCLCQ</subfield>
<subfield code="d">OCLCO</subfield>
<subfield code="d">NNU</subfield>
</datafield>
<datafield tag="043" ind1=" " ind2=" ">
<subfield code="a">a-le---</subfield>
</datafield>
<datafield tag="050" ind1=" " ind2="4">
<subfield code="a">DS80.9</subfield>
<subfield code="b">.Y3 1919</subfield>
</datafield>
<datafield tag="100" ind1="1" ind2=" ">
<subfield code="6">880-01</subfield>
<subfield code="a">Yamīn, Anṭūn.</subfield>
</datafield>
<datafield tag="245" ind1="1" ind2="0">
<subfield code="6">880-02</subfield>
<subfield code="a">Lubnān fī al-ḥarb, aw, Dhikrá al-ḥawādith wa-al-maẓālim fī Lubnān fī al-Ḥarb al-ʻUmūmīyah :</subfield>
<subfield code="b">1914-1919 /</subfield>
<subfield code="c">bi-qalam al-Khūrī Anṭūn Yamīn al-Lubnānī.</subfield>
</datafield>
<datafield tag="246" ind1="3" ind2="0">
<subfield code="6">880-03</subfield>
<subfield code="a">Dhikrá al-ḥawādith wa-al-maẓālim fī Lubnān fī al-Ḥarb al-ʻUmūmīyah</subfield>
</datafield>
<datafield tag="260" ind1=" " ind2=" ">
<subfield code="6">880-04</subfield>
<subfield code="a">Bayrūt :</subfield>
<subfield code="b">al-Maṭbaʻah al-Adabīyah,</subfield>
<subfield code="c">1919-1920.</subfield>
</datafield>
<datafield tag="300" ind1=" " ind2=" ">
<subfield code="a">2 volumes in 1 ;</subfield>
<subfield code="c">20 cm</subfield>
</datafield>
<datafield tag="336" ind1=" " ind2=" ">
<subfield code="a">text</subfield>
<subfield code="b">txt</subfield>
<subfield code="2">rdacontent</subfield>
</datafield>
<datafield tag="337" ind1=" " ind2=" ">
<subfield code="a">unmediated</subfield>
<subfield code="b">n</subfield>
<subfield code="2">rdamedia</subfield>
</datafield>
<datafield tag="338" ind1=" " ind2=" ">
<subfield code="a">volume</subfield>
<subfield code="b">nc</subfield>
<subfield code="2">rdacarrier</subfield>
</datafield>
<datafield tag="500" ind1=" " ind2=" ">
<subfield code="a">Imprint varies.</subfield>
</datafield>
<datafield tag="651" ind1=" " ind2="0">
<subfield code="a">Lebanon</subfield>
<subfield code="x">History.</subfield>
</datafield>
<datafield tag="651" ind1=" " ind2="7">
<subfield code="a">Lebanon.</subfield>
<subfield code="2">fast</subfield>
<subfield code="0">(OCoLC)fst01206063.</subfield>
</datafield>
<datafield tag="655" ind1=" " ind2="7">
<subfield code="a">History.</subfield>
<subfield code="2">fast</subfield>
<subfield code="0">(OCoLC)fst01411628.</subfield>
</datafield>
<datafield tag="776" ind1="0" ind2="8">
<subfield code="i">Online version:</subfield>
<subfield code="a">Yamīn, Anṭūn.</subfield>
<subfield code="t">Lubnān fī al-ḥarb, aw, Dhikrá al-ḥawādith wa-al-maẓālim fī Lubnān fī al-Ḥarb al-ʻUmūmīyah.</subfield>
<subfield code="d">Bayrūt : al-Maṭbaʻah al-Adabīyah, 1919-1920</subfield>
<subfield code="w">(OCoLC)705891702</subfield>
</datafield>
<datafield tag="880" ind1="1" ind2=" ">
<subfield code="6">100-01/</subfield>
<subfield code="a">‏يمين، أنطون.</subfield>
</datafield>
<datafield tag="880" ind1="1" ind2="0">
<subfield code="6">245-02/</subfield>
<subfield code="a">‏لبنان في الحرب :‏</subfield>
<subfield code="b">‏أو ذكرى الحوادث والمظالم في لبنان في الحرب العمومية، ١٩١٤-١٩١٩ /‏</subfield>
<subfield code="c">‏بقلم الخوري أنطون يمين اللبناني.</subfield>
</datafield>
<datafield tag="880" ind1="1" ind2="1">
<subfield code="6">246-03/</subfield>
<subfield code="a">‏ذكرى الحوادت والمظالم في لبنان في الحرب العمومية، ١٩١٤-١٩١٩</subfield>
</datafield>
<datafield tag="880" ind1=" " ind2=" ">
<subfield code="6">260-04/</subfield>
<subfield code="a">‏بيروت :‏</subfield>
<subfield code="b">‏المطبعة الأدبية،‏</subfield>
<subfield code="c">‏١٩١٩-١٩٢٠.</subfield>
</datafield>
<datafield tag="OWN" ind1=" " ind2=" ">
<subfield code="a">GENERAL</subfield>
</datafield>
<datafield tag="AVA" ind1=" " ind2=" ">
<subfield code="a">NYU50</subfield>
<subfield code="b">BOBST</subfield>
<subfield code="c">Main Collection</subfield>
<subfield code="d">DS80.9 .Y3</subfield>
<subfield code="e">unavailable</subfield>
<subfield code="t">Unavailable</subfield>
<subfield code="f">1</subfield>
<subfield code="g">1</subfield>
<subfield code="h">N</subfield>
<subfield code="i">4</subfield>
<subfield code="j">MAIN</subfield>
<subfield code="k">0</subfield>
</datafield>
</record>
